<?xml version="1.0" encoding="UTF-8"?>
<collection xmlns="http://www.loc.gov/MARC21/slim">
  <record>
    <leader>00698cas a2200217 i 4500</leader>
    <controlfield tag="001">210716</controlfield>
    <controlfield tag="005">20120402141528.0</controlfield>
    <controlfield tag="007">tu</controlfield>
    <controlfield tag="008">910421d17831783fi |||p| ||||||||||0swe| </controlfield>
    <datafield tag="015" ind1=" " ind2=" ">
      <subfield code="a">fk00094</subfield>
      <subfield code="2">skl</subfield>
    </datafield>
    <datafield tag="035" ind1=" " ind2=" ">
      <subfield code="a">210716</subfield>
    </datafield>
    <datafield tag="041" ind1="0" ind2=" ">
      <subfield code="a">swe</subfield>
    </datafield>
    <datafield tag="245" ind1="0" ind2="0">
      <subfield code="a">Angenäma sjelfswåld.</subfield>
    </datafield>
    <datafield tag="260" ind1=" " ind2=" ">
      <subfield code="a">Åbo :</subfield>
      <subfield code="b">tryckt hos Kgl. Acad. boktr. J. C. Frenckells enka,</subfield>
      <subfield code="c">1783.</subfield>
    </datafield>
    <datafield tag="336" ind1=" " ind2=" ">
      <subfield code="a">Teksti</subfield>
    </datafield>
    <datafield tag="337" ind1=" " ind2=" ">
      <subfield code="a">ei välittävää laitetta</subfield>
    </datafield>
    <datafield tag="362" ind1="0" ind2=" ">
      <subfield code="a">1783, 1-1783, 24.</subfield>
    </datafield>
    <datafield tag="500" ind1=" " ind2=" ">
      <subfield code="a">Painopaikka ja painaja kolofonista.</subfield>
    </datafield>
    <datafield tag="510" ind1="4" ind2=" ">
      <subfield code="a">Suomen aikakauslehdistön bibliografia 1782-1955 / Kurikka &amp; Takkala</subfield>
      <subfield code="c">113.</subfield>
    </datafield>
    <datafield tag="650" ind1=" " ind2="7">
      <subfield code="a">aikakauslehdet</subfield>
      <subfield code="2">ysa</subfield>
    </datafield>
    <datafield tag="710" ind1="0" ind2=" ">
      <subfield code="a">Johan Christopher Frenckellin leski (kirjapaino, Turku, 1779-1785)</subfield>
    </datafield>
  </record>
</collection>
